@article{pyke1984optimal,
  title={Optimal foraging theory: a critical review},
  author={Pyke, Graham H},
  journal={Annual review of ecology and systematics},
  volume={15},
  pages={523--575},
  year={1984},
  publisher={JSTOR}
}




@article{viswanathan1996levy,
  title={L{\'e}vy flight search patterns of wandering albatrosses},
  author={Viswanathan, Gandhimohan M and Afanasyev, V and Buldyrev, SV and Murphy, EJ and Prince, PA and Stanley, H Eugene and others},
  journal={Nature},
  volume={381},
  number={6581},
  pages={413--415},
  year={1996}
}

@article{berkolaiko1997territory,
  title={Territory covered by N L{\'e}vy flights on d-dimensional lattices},
  author={Berkolaiko, G and Havlin, S},
  journal={Physical Review E},
  volume={55},
  number={2},
  pages={1395},
  year={1997},
  publisher={APS}
}

@article{viswanathan1999optimizing,
  title={Optimizing the success of random searches},
  author={Viswanathan, Gandimohan M and Buldyrev, Sergey V and Havlin, Shlomo and Da Luz, MGE and Raposo, EP and Stanley, H Eugene},
  journal={Nature},
  volume={401},
  number={6756},
  pages={911--914},
  year={1999},
  publisher={Nature Publishing Group}
}

@article{viswanathan1999optimizing,
  title={Optimizing the success of random searches},
  author={Viswanathan, Gandimohan M and Buldyrev, Sergey V and Havlin, Shlomo and Da Luz, MGE and Raposo, EP and Stanley, H Eugene},
  journal={Nature},
  volume={401},
  number={6756},
  pages={911--914},
  year={1999},
  publisher={Nature Publishing Group}
}


@article{ramos2004levy,
  title={L{\'e}vy walk patterns in the foraging movements of spider monkeys (Ateles geoffroyi)},
  author={Ramos-Fern{\'a}ndez, Gabriel and Mateos, Jos{\'e} L and Miramontes, Octavio and Cocho, Germinal and Larralde, Hern{\'a}n and Ayala-Orozco, Barbara},
  journal={Behavioral Ecology and Sociobiology},
  volume={55},
  number={3},
  pages={223--230},
  year={2004},
  publisher={Springer}
}

@article{brockmann2006scaling,
  title={The scaling laws of human travel},
  author={Brockmann, Dirk and Hufnagel, Lars and Geisel, Theo},
  journal={Nature},
  volume={439},
  number={7075},
  pages={462--465},
  year={2006},
  publisher={Nature Publishing Group}
}


@article{brown2007levy,
  title={L{\'e}vy flights in Dobe Ju/â€™hoansi foraging patterns},
  author={Brown, Clifford T and Liebovitch, Larry S and Glendon, Rachel},
  journal={Human Ecology},
  volume={35},
  number={1},
  pages={129--138},
  year={2007},
  publisher={Sprinfger}
}

@article{reynolds2007displaced,
  title={Displaced honey bees perform optimal scale-free search flights},
  author={Reynolds, Andrew M and Smith, Alan D and Menzel, Randolf and Greggers, Uwe and Reynolds, Donald R and Riley, Joseph R},
  journal={Ecology},
  volume={88},
  number={8},
  pages={1955--1961},
  year={2007},
  publisher={Wiley Online Library}
}


@article{rhodes2007human,
  title={Human memory retrieval as L{\'e}vy foraging},
  author={Rhodes, Theo and Turvey, Michael T},
  journal={Physica A: Statistical Mechanics and its Applications},
  volume={385},
  number={1},
  pages={255--260},
  year={2007},
  publisher={Elsevier}
}

@article{edwards2007revisiting,
  title={Revisiting L{\'e}vy flight search patterns of wandering albatrosses, bumblebees and deer},
  author={Edwards, Andrew M and Phillips, Richard A and Watkins, Nicholas W and Freeman, Mervyn P and Murphy, Eugene J and Afanasyev, Vsevolod and Buldyrev, Sergey V and da Luz, Marcos GE and Raposo, Ernesto P and Stanley, H Eugene and others},
  journal={Nature},
  volume={449},
  number={7165},
  pages={1044--1048},
  year={2007},
  publisher={Nature Publishing Group}
}


@article{gonzalez2008understanding,
  title={Understanding individual human mobility patterns},
  author={Gonzalez, Marta C and Hidalgo, Cesar A and Barabasi, Albert-Laszlo},
  journal={Nature},
  volume={453},
  number={7196},
  pages={779--782},
  year={2008},
  publisher={Nature Publishing Group}
}



@article{lomholt2008levy,
  title={L{\'e}vy strategies in intermittent search processes are advantageous},
  author={Lomholt, Michael A and Tal, Koren and Metzler, Ralf and Joseph, Klafter},
  journal={Proceedings of the National Academy of Sciences},
  volume={105},
  number={32},
  pages={11055--11059},
  year={2008},
  publisher={National Acad Sciences}
}


@article{humphries2010environmental,
  title={Environmental context explains L{\'e}vy and Brownian movement patterns of marine predators},
  author={Humphries, Nicolas E and Queiroz, Nuno and Dyer, Jennifer RM and Pade, Nicolas G and Musyl, Michael K and Schaefer, Kurt M and Fuller, Daniel W and Brunnschweiler, Juerg M and Doyle, Thomas K and Houghton, Jonathan DR and others},
  journal={Nature},
  volume={465},
  number={7301},
  pages={1066--1069},
  year={2010},
  publisher={Nature Publishing Group}
}

@article{song2010modelling,
  title={Modelling the scaling properties of human mobility},
  author={Song, Chaoming and Koren, Tal and Wang, Pu and Barab{\'a}si, Albert-L{\'a}szl{\'o}},
  journal={Nature Physics},
  volume={6},
  number={10},
  pages={818--823},
  year={2010},
  publisher={Nature Publishing Group}
}

@book{viswanathan2011physics,
  title={The physics of foraging: an introduction to random searches and biological encounters},
  author={Viswanathan, Gandhimohan M and Da Luz, Marcos GE and Raposo, Ernesto P and Stanley, H Eugene},
  year={2011},
  publisher={Cambridge University Press}
}


@article{rhee2011levy,
  title={On the levy-walk nature of human mobility},
  author={Rhee, Injong and Shin, Minsu and Hong, Seongik and Lee, Kyunghan and Kim, Seong Joon and Chong, Song},
  journal={IEEE/ACM transactions on networking (TON)},
  volume={19},
  number={3},
  pages={630--643},
  year={2011},
  publisher={IEEE Press}
}

@article{de2011levy,
  title={L{\'e}vy walks evolve through interaction between movement and environmental complexity},
  author={de Jager, Monique and Weissing, Franz J and Herman, Peter MJ and Nolet, Bart A and van de Koppel, Johan},
  journal={Science},
  volume={332},
  number={6037},
  pages={1551--1553},
  year={2011},
  publisher={American Association for the Advancement of Science}
}

@article{radicchi2012evolution,
  title={Evolution of optimal L{\'e}vy-flight strategies in human mental searches},
  author={Radicchi, Filippo and Baronchelli, Andrea},
  journal={Physical Review E},
  volume={85},
  number={6},
  pages={061121},
  year={2012},
  publisher={APS}
}

@article{radicchi2012rationality,
  title={Rationality, irrationality and escalating behavior in lowest unique bid auctions},
  author={Radicchi, Filippo and Baronchelli, Andrea and Amaral, Lu{\'\i}s AN},
  journal={PloS one},
  volume={7},
  number={1},
  pages={e29910},
  year={2012},
  publisher={Public Library of Science}
}

@article{humphries2012foraging,
  title={Foraging success of biological L{\'e}vy flights recorded in situ},
  author={Humphries, Nicolas E and Weimerskirch, Henri and Queiroz, Nuno and Southall, Emily J and Sims, David W},
  journal={Proceedings of the National Academy of Sciences},
  volume={109},
  number={19},
  pages={7169--7174},
  year={2012},
  publisher={National Acad Sciences}
}

@article{baronchelli2013levy,
  title={L{\'e}vy flights in human behavior and cognition},
  author={Baronchelli, Andrea and Radicchi, Filippo},
  journal={Chaos, Solitons \& Fractals},
  volume={56},
  pages={101--105},
  year={2013},
  publisher={Elsevier}
}

@book{mendez2013stochastic,
  title={Stochastic foundations in movement ecology: anomalous diffusion, front propagation and random searches},
  author={M{\'e}ndez, Vicen{\c{c}} and Campos, Daniel and Bartumeus, Frederic},
  year={2013},
  publisher={Springer Science \& Business Media}
}


@article{raichlen2014evidence,
  title={Evidence of L{\'e}vy walk foraging patterns in human hunter--gatherers},
  author={Raichlen, David A and Wood, Brian M and Gordon, Adam D and Mabulla, Audax ZP and Marlowe, Frank W and Pontzer, Herman},
  journal={Proceedings of the National Academy of Sciences},
  volume={111},
  number={2},
  pages={728--733},
  year={2014},
  publisher={National Acad Sciences}
}

@article{humphries2014optimal,
  title={Optimal foraging strategies: L{\'e}vy walks balance searching and patch exploitation under a very broad range of conditions},
  author={Humphries, Nicolas E and Sims, David W},
  journal={Journal of theoretical biology},
  volume={358},
  pages={179--193},
  year={2014},
  publisher={Elsevier}
}

@article{barbosa2015effect,
  title={The effect of recency to human mobility},
  author={Barbosa, Hugo and de Lima-Neto, Fernando B and Evsukoff, Alexandre and Menezes, Ronaldo},
  journal={EPJ Data Science},
  volume={4},
  number={1},
  pages={1},
  year={2015},
  publisher={Springer Berlin Heidelberg}
}


