@article{chen1997long,
  title={Long memory processes (1/f $\alpha$ type) in human coordination},
  author={Chen, Yanqing and Ding, Mingzhou and Kelso, JA Scott},
  journal={Physical Review Letters},
  volume={79},
  number={22},
  pages={4501},
  year={1997},
  publisher={APS}
}

@article{schinckus2013physicists,
  title={How physicists made stable l{\'e}vy processes physically plausible},
  author={Schinckus, Christophe},
  journal={Brazilian Journal of Physics},
  volume={43},
  number={4},
  pages={281--293},
  year={2013},
  publisher={Springer}
}


@article{west2014colloquium,
  title={Colloquium: Fractional calculus view of complexity: A tutorial},
  author={West, Bruce J},
  journal={Reviews of Modern Physics},
  volume={86},
  number={4},
  pages={1169},
  year={2014},
  publisher={APS}
}

