@article{march1991exploration,
  title={Exploration and exploitation in organizational learning},
  author={March, James G},
  journal={Organization science},
  volume={2},
  number={1},
  pages={71--87},
  year={1991},
  publisher={INFORMS}
}
