@article{sorribes2011origin,
  title={The origin of behavioral bursts in decision-making circuitry},
  author={Sorribes, Amanda and Armendariz, Beatriz G and Lopez-Pigozzi, Diego and Murga, Cristina and de Polavieja, Gonzalo G},
  journal={PLoS Comput Biol},
  volume={7},
  number={6},
  pages={e1002075},
  year={2011},
  publisher={Public Library of Science}
}
